<record xmlns="http://www.loc.gov/MARC21/slim" xmlns:xsi="http://www.w3.org/2001/XMLSchema-instance" xsi:schemaLocation="http://www.loc.gov/MARC21/slim http://www.loc.gov/standards/marcxml/schema/MARC21slim.xsd"><leader>02389nam a2200469   4500</leader><controlfield tag="001">002854078</controlfield><controlfield tag="003">NNU</controlfield><controlfield tag="006">m        d        </controlfield><controlfield tag="007">cr cn |||m|||a</controlfield><controlfield tag="008">150222s1956    iq h    ob    001 0 ara d</controlfield><datafield ind1=" " ind2=" " tag="040"><subfield code="a">NNU</subfield><subfield code="b">eng</subfield><subfield code="e">rda</subfield><subfield code="c">NNU</subfield></datafield><datafield ind1=" " ind2="4" tag="050"><subfield code="a">PJ7700.A72</subfield><subfield code="b">A6 1956</subfield></datafield><datafield ind1="1" ind2=" " tag="100"><subfield code="6">880-01</subfield><subfield code="a">&#699;Arji&#772;, &#699;Abd Alla&#772;h ibn &#699;Umar,</subfield><subfield code="d">-approximately 738.</subfield></datafield><datafield ind1="1" ind2="0" tag="245"><subfield code="6">880-02</subfield><subfield code="a">Di&#772;wa&#772;n al-&#699;Arji&#772; /</subfield><subfield code="c">riwa&#772;yat Abi&#772; al-Fath&#803; &#699;Uthma&#772;n ibn Jinni&#772; ; sharah&#803;ahu wa-h&#803;aqqaqahu Khid&#803;r al-T&#803;a&#772;&#700;i&#772;, Rashi&#772;d al-&#699;Ubaydi&#772;.</subfield></datafield><datafield ind1="1" ind2="5" tag="246"><subfield code="a">Diwan al-Argi</subfield></datafield><datafield ind1="1" ind2="5" tag="246"><subfield code="a">Recueil de poes&#769;ies d'al-Argi d'apre&#768;s Abu-l-Fath Sheikh Uthman ibn Jinni</subfield></datafield><datafield ind1=" " ind2=" " tag="250"><subfield code="6">880-03</subfield><subfield code="a">al-T&#803;ab&#699;ah 1.</subfield></datafield><datafield ind1=" " ind2=" " tag="260"><subfield code="6">880-04</subfield><subfield code="a">Baghda&#772;d :</subfield><subfield code="b">al-Sharikah al-Isla&#772;mi&#772;yah lil-T&#803;iba&#772;&#699;ah wa-al-Nashr,</subfield><subfield code="c">1956.</subfield></datafield><datafield ind1=" " ind2=" " tag="300"><subfield code="a">online resource (46, 213, 5 pages) :</subfield><subfield code="b">facsimiles</subfield></datafield><datafield ind1=" " ind2=" " tag="336"><subfield code="a">text</subfield><subfield code="2">rdacontent</subfield></datafield><datafield ind1=" " ind2=" " tag="337"><subfield code="a">computer</subfield><subfield code="2">rdamedia</subfield></datafield><datafield ind1=" " ind2=" " tag="338"><subfield code="a">online resource</subfield><subfield code="2">rdacarrier</subfield></datafield><datafield ind1=" " ind2=" " tag="500"><subfield code="a">Poems.</subfield></datafield><datafield ind1=" " ind2=" " tag="500"><subfield code="a">Part of the Arabic Collections Online (ACO) project, contributed by New York Univeristy Libraries.</subfield></datafield><datafield ind1=" " ind2=" " tag="504"><subfield code="a">Includes bibliographical references (pages 211-213) and indexes.</subfield></datafield><datafield ind1=" " ind2=" " tag="533"><subfield code="a">Electronic reproduction.</subfield><subfield code="b">New York, N.Y. :</subfield><subfield code="c">New York University,</subfield><subfield code="d">2015.</subfield><subfield code="5">NNU</subfield></datafield><datafield ind1="1" ind2=" " tag="700"><subfield code="6">880-05</subfield><subfield code="a">Ibn Jinni&#772;, Abu&#772; al-Fath&#803; &#699;Uthma&#772;n,</subfield><subfield code="d">-1002.</subfield></datafield><datafield ind1="1" ind2=" " tag="700"><subfield code="6">880-06</subfield><subfield code="a">T&#803;a&#772;&#700;i&#772;, Khid&#803;r.</subfield></datafield><datafield ind1="1" ind2=" " tag="700"><subfield code="6">880-07</subfield><subfield code="a">&#699;Ubayd&#299;, Rash&#299;d</subfield></datafield><datafield ind1="2" ind2=" " tag="710"><subfield code="a">New York University.</subfield><subfield code="b">Libraries.</subfield></datafield><datafield ind1="0" ind2=" " tag="730"><subfield code="a">Arabic Collections Online.</subfield></datafield><datafield ind1="0" ind2="8" tag="776"><subfield code="i">Print version:</subfield><subfield code="a">&#699;Arji&#772;, &#699;Abd Alla&#772;h ibn &#699;Umar, -approximately 738.</subfield><subfield code="t">Di&#772;wa&#772;n al-&#699;Arji&#772;</subfield><subfield code="w">(NNU)002854078</subfield></datafield><datafield ind1="4" ind2="0" tag="856"><subfield code="u">http://hdl.handle.net/2333.1/2v6wwrq3</subfield></datafield><datafield ind1="1" ind2=" " tag="880"><subfield code="6">100-01/</subfield><subfield code="a">&#1593;&#1585;&#1580;&#1610;&#1548; &#1593;&#1576;&#1583; &#1575;&#1604;&#1604;&#1607; &#1576;&#1606; &#1593;&#1605;&#1585;&#1548;</subfield><subfield code="d">-approximately 738.</subfield></datafield><datafield ind1="1" ind2="0" tag="880"><subfield code="6">245-02/</subfield><subfield code="a">&#1583;&#1610;&#1608;&#1575;&#1606; &#1575;&#1604;&#1593;&#1585;&#1580;&#1610; /</subfield><subfield code="c">&#1585;&#1608;&#1575;&#1610;&#1577; &#1571;&#1576;&#1610; &#1575;&#1604;&#1601;&#1578;&#1581; &#1593;&#1579;&#1605;&#1575;&#1606; &#1576;&#1606; &#1580;&#1606;&#1610; &#1563; &#1588;&#1585;&#1581;&#1607; &#1608;&#1581;&#1602;&#1602;&#1607; &#1582;&#1590;&#1585; &#1575;&#1604;&#1591;&#1575;&#1574;&#1610;&#1548; &#1585;&#1588;&#1610;&#1583; &#1575;&#1604;&#1593;&#1576;&#1610;&#1583;&#1610;.</subfield></datafield><datafield ind1=" " ind2=" " tag="880"><subfield code="6">250-03/</subfield><subfield code="a">&#1575;&#1604;&#1591;&#1576;&#1593;&#1577; 1.</subfield></datafield><datafield ind1=" " ind2=" " tag="880"><subfield code="6">260-04/</subfield><subfield code="a">&#1576;&#1594;&#1583;&#1575;&#1583; :</subfield><subfield code="b">&#1575;&#1604;&#1588;&#1585;&#1603;&#1577; &#1575;&#1604;&#1573;&#1587;&#1604;&#1575;&#1605;&#1610;&#1577; &#1604;&#1604;&#1591;&#1576;&#1575;&#1593;&#1577; &#1608;&#1575;&#1604;&#1606;&#1588;&#1585;&#1548;</subfield><subfield code="c">1956.</subfield></datafield><datafield ind1="1" ind2=" " tag="880"><subfield code="6">700-05/</subfield><subfield code="a">&#1575;&#1576;&#1606; &#1580;&#1606;&#1610;&#1548; &#1571;&#1576;&#1608; &#1575;&#1604;&#1601;&#1578;&#1581; &#1593;&#1579;&#1605;&#1575;&#1606;&#1548;</subfield><subfield code="d">-1002.</subfield></datafield><datafield ind1="1" ind2=" " tag="880"><subfield code="6">700-06/</subfield><subfield code="a">&#1591;&#1575;&#1574;&#1610;&#1548; &#1582;&#1590;&#1585;.</subfield></datafield><datafield ind1="1" ind2=" " tag="880"><subfield code="6">700-07/</subfield><subfield code="a">&#1593;&#1576;&#1610;&#1583;&#1610;&#1548; &#1585;&#1588;&#1610;&#1583;.</subfield></datafield><datafield ind1=" " ind2=" " tag="959"><subfield code="a">NNU</subfield><subfield code="b">WEB</subfield><subfield code="c">GENI</subfield><subfield code="t">0</subfield><subfield code="m">Electronic access</subfield><subfield code="s">01</subfield></datafield><datafield ind1=" " ind2=" " tag="999"><subfield code="i">NNU_002854078</subfield><subfield code="s">nyu_aco000331</subfield><subfield code="e">(ERROR-880)</subfield></datafield></record>